%% LaTeX2e file `refs.bib'
%% generated by the `filecontents' environment
%% from source `TeXbookFormula' on 2019/04/09.
%%
  @book{TeXbook,
    title={The \TeX book},
    author={Donald Ervin Knuth},
    publisher={Addison-Wesley Professional},
    year={1984},
    month={1},
  }
  @manual{MathMode,
    title={Math Mode},
    author={Herbert Vo√ü},
    year={2014},
    month={1},
    url={http://ctan.math.utah.edu/ctan/tex-archive/obsolete/info/math/voss/mathmode/Mathmode.pdf},
  }
  @manual{AmSmath,
    title={User's Guide for the \texttt{amsmath} package},
    author={American Mathematical Society and \LaTeX 3 Project},
    date={1999-12-13},
    url={http://mirrors.concertpass.com/tex-archive/macros/latex/required/amsmath/amsldoc.pdf},
  }
  @techreport{ISO80000-2,
    type={Standard},
    author={{ISO 80000-2:2009(E)}},
    year={2009},
    month={12},
    title={Quantities and units -- Part 2: Mathematical signs and symbols to be used in the natural sciences and technology},
    institution={International Organization for Standardization},
    url={https://www.iso.org/standard/31887.html}
  }
